<?xml version="1.0" encoding="UTF-8"?><collection xmlns="http://www.loc.gov/MARC21/slim"><record><leader>00377nam--2200133-i-4500</leader><controlfield tag="001">000010521</controlfield><controlfield tag="002">20161230</controlfield><controlfield tag="005">20161230201028</controlfield><controlfield tag="008">060222s1000------------r-----000-0-eng-d</controlfield><datafield ind1=" " ind2=" " tag="080"><subfield code="a">015:546.65</subfield></datafield><datafield ind1=" " ind2=" " tag="100"><subfield code="a">Besancon, Pierre</subfield></datafield><datafield ind1=" " ind2=" " tag="245"><subfield code="a">Contribution  a l etude de quelques chalcogenu res de terre rares.these</subfield></datafield><datafield ind1=" " ind2=" " tag="260"><subfield code="a">Paris,Universite Rene Descartes,1971. 90p</subfield></datafield><datafield ind1=" " ind2=" " tag="852"><subfield code="a">38051</subfield></datafield></record></collection>